<?xml version="1.0" encoding="UTF-8"?><collection xmlns="http://www.loc.gov/MARC21/slim"><record><leader>00433nam--2200181-i-4500</leader><controlfield tag="001">000041619</controlfield><controlfield tag="002">20161230</controlfield><controlfield tag="005">20161230201043</controlfield><controlfield tag="008">060222s1000------------r-----000-0-eng-d</controlfield><datafield ind1=" " ind2=" " tag="040"><subfield code="a">IFIN-HH</subfield></datafield><datafield ind1=" " ind2=" " tag="080"><subfield code="a">025</subfield></datafield><datafield ind1="1" ind2=" " tag="100"><subfield code="a">Silva,Manil</subfield></datafield><datafield ind1="1" ind2="0" tag="245"><subfield code="a">Special libraries</subfield><subfield code="c">Manil silva</subfield></datafield><datafield ind1=" " ind2=" " tag="260"><subfield code="a">London</subfield><subfield code="b">Andre Deutsch</subfield><subfield code="c">1970</subfield></datafield><datafield ind1=" " ind2=" " tag="300"><subfield code="a">96 P</subfield></datafield><datafield ind1=" " ind2=" " tag="490"><subfield code="a">Grafton Basic Texts</subfield></datafield><datafield ind1=" " ind2=" " tag="852"><subfield code="a">37819</subfield><subfield code="c">02</subfield></datafield><datafield ind1=" " ind2=" " tag="CAT"><subfield code="a">Sys</subfield><subfield code="c">20120808</subfield><subfield code="h">092742</subfield></datafield></record></collection>